@INPROCEEDINGS{10019269,
  author={Asiri, Sultan and Xiao, Yang and Alzahrani, Saleh and Li, Shuhui and Li, Tieshan},
  journal={IEEE Access}, 
  title={A Survey of Intelligent Detection Designs of HTML URL Phishing Attacks}, 
  year={2023},
  volume={11},
  number={},
  pages={6421-6443},
  doi={10.1109/ACCESS.2023.3237798}}

@ARTICLE{9950508,
  author={Aljabri, Malak and Altamimi, Hanan S. and Albelali, Shahd A. and Al-Harbi, Maimunah and Alhuraib, Haya T. and Alotaibi, Najd K. and Alahmadi, Amal A. and Alhaidari, Fahd and Mohammad, Rami Mustafa A. and Salah, Khaled},
  journal={IEEE Access}, 
  title={Detecting Malicious URLs Using Machine Learning Techniques: Review and Research Directions}, 
  year={2022},
  volume={10},
  number={},
  pages={121395-121417},
  doi={10.1109/ACCESS.2022.3222307}}

