@article{DBLP:journals/corr/abs-1106-1813,
  author       = {Kevin W. Bowyer and
                  Nitesh V. Chawla and
                  Lawrence O. Hall and
                  W. Philip Kegelmeyer},
  title        = {{SMOTE:} Synthetic Minority Over-sampling Technique},
  journal      = {CoRR},
  volume       = {abs/1106.1813},
  year         = {2011},
  url          = {http://arxiv.org/abs/1106.1813},
  eprinttype    = {arXiv},
  eprint       = {1106.1813},
  timestamp    = {Mon, 13 Aug 2018 16:46:59 +0200},
  biburl       = {https://dblp.org/rec/journals/corr/abs-1106-1813.bib},
  bibsource    = {dblp computer science bibliography, https://dblp.org}
}